@article{telea,
    author = {Alexandru Telea},
    title = {"An image inpainting technique based on the fast marching method."},
    journal = {"Journal of graphics tools"},
    vol = 9,
    no = 1,
    pages = "23-24",
    year = 2004
}

@article{ns,
    author = {Bertalmio, Marcelo, Andrea L. Bertozzi, and Guillermo Sapiro},
    title = {"Navier-stokes, fluid dynamics, and image and video inpainting"},
    journal = {"In Computer Vision and Pattern Recognition"},
    vol = 1,
    pages = "1-355",
    year = 2001
}

@article{grabcut,
 author = {Rother, Carsten and Kolmogorov, Vladimir and Blake, Andrew},
 title = {"GrabCut": Interactive Foreground Extraction Using Iterated Graph Cuts},
 journal = {ACM Trans. Graph.},
 issue_date = {August 2004},
 volume = {23},
 number = {3},
 month = aug,
 year = {2004},
 issn = {0730-0301},
 pages = {309--314},
 numpages = {6},
 url = {http://doi.acm.org/10.1145/1015706.1015720},
 doi = {10.1145/1015706.1015720},
 acmid = {1015720},
 publisher = {ACM},
 address = {New York, NY, USA},
 keywords = {Alpha Matting, Foreground extraction, Graph Cuts, Image Editing, Interactive Image Segmentation},
}

@article{poisson,
 author = {P{\'e}rez, Patrick and Gangnet, Michel and Blake, Andrew},
 title = {Poisson Image Editing},
 journal = {ACM Trans. Graph.},
 issue_date = {July 2003},
 volume = {22},
 number = {3},
 month = jul,
 year = {2003},
 issn = {0730-0301},
 pages = {313--318},
 numpages = {6},
 url = {http://doi.acm.org/10.1145/882262.882269},
 doi = {10.1145/882262.882269},
 acmid = {882269},
 publisher = {ACM},
 address = {New York, NY, USA},
 keywords = {Poisson equation, guided interpolation, image gradient, interactive image editing, seamless cloning, selection editing},
}
